

@Article{currie16,
  author  = {Morgan Currie and Britt S Paris and Irene Pasquetto and Jennifer Pierre},
  title   = {The conundrum of police officer-involved homicides: Counter-data in Los Angeles County},
  journal = {Big Data and Society},
  year    = {2016},
  pages   = {1-14},
}

@Article{gilbert15,
  author  = {Keon L. Gilbert and Rashawn Ray},
  title   = {Why police kill black males with impunity},
  journal = {Journal of Urban Health: Bulletin of the New York Academy of Medicine},
  year    = {2015},
  volume  = {93},
  number  = {Supplement 1},
  pages   = {S122-S140},
}

@Article{smith14,
  author  = {Brad W. Smith and Malcolm D. Holmes},
  title   = {Police Use of Excessive Force in Minority Communities: A Test of the Minority Threat, Place, and Community Accountability Hypotheses},
  journal = {Social Problems},
  year    = {2014},
  volume  = {61},
  number  = {1},
  pages   = {83-104},
}

@Article{,
  author  = {Daryl Meeks},
  title   = {Police Militarization in Urban Areas: The Obscure War Against the Underclass},
  journal = {The Black Scholar},
  year    = {2006},
  volume  = {35},
  number  = {4},
  pages   = {33-41},
}

@Book{schneider14,
  title     = {Police Power and Race Riots},
  publisher = {University of Pennsylvania Press},
  year      = {2014},
  author    = {Cathy Lisa Schneider},
  address   = {Philadephia},
}

@Article{,
  author  = {George T. Patterson and Philip G. Swan},
  title   = {Police shootings of unarmed African American males: A systematic review},
  journal = {Journal of human behavior in the social environment},
  year    = {2016},
  volume  = {26},
  number  = {3-4},
  pages   = {267-278},
}

@Article{provine11,
  author  = {Doris Marie Provine},
  title   = {Race and Inequality in the War on Drugs},
  journal = {Annual Review of Law and Social Science},
  year    = {2011},
  volume  = {7},
  pages   = {41-60},
}

@Article{beaujean16,
  author  = {Alexander Beaujean and Grant B. Morgan,},
  title   = {Tutorial on Using Regression Models with Count Outcomes using R},
  journal = {Practical Assessment, Research and Evaluation},
  year    = {2016},
  volume  = {21},
  number  = {2},
  pages   = {1-19},
}

@Article{delisi03,
  author  = {Matt Delisi},
  title   = {The Imprisoned Nonviolent Drug Offender},
  journal = {American Journal of Criminal Justice},
  year    = {2003},
  volume  = {27},
  number  = {2},
  pages   = {167-182},
}

@Article{garay11,
  author  = {Aldo M. Garay and Elizabeth M. Hashimotob and Edwin M.M. Ortega and VÃ­ctor H. Lachos},
  title   = {On Estimation and Influence Diagnostics for Zero-Inflated Negative Binomial Regression Models},
  journal = {Computations Statistics and Data Analysis},
  year    = {2011},
  volume  = {55},
  pages   = {1304-1318},
}

@Article{martin17,
  author  = {Jacob Martin and Daniel B. Hall},
  title   = {Marginal zero-inflated regression models for count data},
  journal = {Journal of Applied Statistics},
  year    = {2017},
  volume  = {44},
  number  = {10},
  pages   = {1807-1826},
}

@Article{martin16,
  author  = {Jacob Martin and Daniel B. Hall},
  title   = {R2 measures for zero-inflated regression models for count data with excess zeros},
  journal = {Journal of Statistical and Computation and Simulation},
  year    = {2016},
  volume  = {86},
  number  = {18},
  pages   = {3777-3790},
}

@Article{zorn98,
  author  = {Christopher Zorn},
  title   = {An Analytic and Empirical Examination of Zero-Inflated and Hurdle Poisson Specifications},
  journal = {Sociological Methods \& Research},
  year    = {1998},
  volume  = {26},
  number  = {3},
  pages   = {368-400},
}

@Article{stallman17,
  author  = {Craig Dalton and Tim Stallman},
  title   = {Counter-mapping data science},
  journal = {The Canadian Geographer},
  year    = {2017},
  volume  = {early view, online only},
  doi     = {10.1111/cag.12398},
}
