

@Book{desmond16,
  title     = {Evicted: Poverty and Profit in the American City},
  publisher = {Crown Publishers},
  year      = {2016},
  author    = {Matthew Desmond},
  address   = {New York},
}

@Book{bryman16,
  title     = {Social Research Methods},
  publisher = {Oxford University Press},
  year      = {2016},
  author    = {Alan Bryman},
  address   = {New York},
}

@Article{japec15,
  author  = {Lilli Japec and Frauke Kreuter and Marcus Berg and Paul Biemer and Paul Decker and Cliff Lampe and Julia Lane and Cathy Oâ€™Neil and Abe Usher},
  title   = {Big Data in Survey Research: AAPOR Task Force Report},
  journal = {Public Opinion Quarterly},
  year    = {2015},
  volume  = {79},
  number  = {4},
  pages   = {839-880},
}

@Article{tinati14,
  author  = {Ramine Tinati and Susan Halford and Leslie Carr and Catherine Pope},
  title   = {Big Data: Methodological Challenges and Approaches for Sociological Analysis},
  journal = {Sociology},
  year    = {2014},
  volume  = {48},
  number  = {4},
  pages   = {663-681},
}

@Book{hand14,
  title     = {Big Data? Qualitative Approaches to Digital Research},
  publisher = {Emerald Group Publishing},
  year      = {2014},
  editor    = {Martin Hand and Sam Hillyard},
  address   = {Bingley, UK},
}

@Article{sawyer07,
  author  = {Keith Sawyer},
  title   = {Emergence in Sociology: Contemporary Philosophy of Mind and Some Implications for Sociological Theory},
  journal = {American Journal of Sociology},
  year    = {2007},
  volume  = {107},
  number  = {3},
  pages   = {551-85},
}

@Article{karamshuk17,
  author  = {Dmytro Karamshuk and Frances Shaw and Julie Brownlie and Nishanth Sastry},
  title   = {Bridging big data and qualitative methods in the social sciences: A case study of Twitter responses to high profile deaths by suicide},
  journal = {Online Social Networks and Media},
  year    = {2017},
  volume  = {1},
  pages   = {33-43},
}

@Book{singleton18,
  title     = {Approaches to Social Research},
  publisher = {Oxford University Press},
  year      = {2018},
  author    = {Royce Singleton and Bruce Straits},
  address   = {New York},
}

@Article{bail14,
  author  = {Christopher Bail},
  title   = {The cultural environment: measuring culture with big data},
  journal = {Theory and Society},
  year    = {2014},
  volume  = {43},
  number  = {3-4},
  pages   = {465-482},
}

@Article{vaisey14,
  author  = {Stephen Vaisey and Andrew Miles},
  title   = {Tools from moral psychology for measuring personal moral culture},
  journal = {Theory and Society},
  year    = {2014},
  volume  = {43},
  number  = {3-4},
  pages   = {311-32},
}

@Article{sagi14,
  author  = {Eyal Sagi and Morteza Dehghani},
  title   = {Measuring Moral Rhetoric in Text},
  journal = {Social Science Computer Review},
  year    = {2014},
  volume  = {32},
  number  = {2},
  pages   = {132-144},
}

@Article{chen16,
  author  = {Yunsong Chen and Fei Yan},
  title   = {Centuries of sociology in millions of books},
  journal = {Sociological Review},
  year    = {2016},
  volume  = {64},
  pages   = {872-93},
}

@Article{lazer17,
  author   = {David Lazer and Jason Radford},
  title    = {Data ex Machina: Introduction to Big Data},
  journal  = {Annual Review of Sociology},
  year     = {2017},
  volume   = {43},
  number   = {1},
  pages    = {19-39},
}

@Article{felt16,
  author   = {Mylynn Felt},
  title    = {Social media and the social sciences: How researchers employ Big Data analytics},
  journal  = {Big Data and Society},
  year     = {2016},
  volume   = {3},
  number   = {1},
  pages    = {1-15},

}

@Article{couper17,
  author  = {Mick Couper},
  title   = {New Developments in Survey Data Collection},
  journal = {Annual Review of Sociology},
  year    = {2017},
  volume  = {43},
  pages   = {121-45},
}
